@book{LecBook,
	title = {articipatory IT DESIGN: Designing for business and workplace realities},
	author={Keld BÃ¸dker and Finn Kensing and Jesper Simonsen},
	year={2004},
	publisher={The MIT Press}
}
@book{Beyer,
	title={Contextual design. Evolved},
	author={Hugh Beyer and Karen Holtzblatt},
	pages={1-74},
	year={2015},
	publisher={Morgan Kaufmann},
	address={},
}
@online{AulaStrat,
	author={KOMBIT},
	title={Aula Strategi},
	year={2021},
	url={https://aulainfo.dk/wp-content/uploads/Aula-Strategi.pdf?fbclid=IwAR0FsWNzF-KlFPUE3i6PGc_xppFyARzChRwXdM0iH53zb0v9xsOHmrZ9Lq0},
	urldate={17-02-2023}
}
@misc{AulaPress,
  author        = {Andreas Laursen and Magnus Alkil},
  title         = {Aula: Udvikling af informationssytemer, DIKU},
  month         = {Febuar},
  year          = {2023},
  publisher={KOMBIT}
}
@online{AulaSheet,
  author        = {KOMBIT},
  title         = {Oversigt-over-viderudviklingsoensker-2022},
  year          = {2021},
  url={https://absalon.ku.dk/courses/64717/files/6846063?module_item_id=1906799}
}
@online{AuthLink,
  author        = {Warcraftlogs},
  title         = {Docs},
  year          = {2023},
  url={https://www.warcraftlogs.com/api/docs}
}
@online{DocLink,
  author        = {WarcraftLogs and Graphql},
  title         = {Graphql schema documentation},
  year          = {2023},
  url={https://www.warcraftlogs.com/v2-api-docs/warcraft/}
}
@online{GQLdotnet,
	author	= {GraphQL},
	title		= {graphql-dotnet},
	year		= {2023},
  	url 		={https://github.com/graphql-dotnet/graphql-dotnet}
}
@online{floatsWiki,
	author	= {Wikipedia},
	title		= {Double-precision floating-point format},
	year		= {2022},
	url 		= {https://en.wikipedia.org/wiki/Double-precision_floating-point_format}
}